@article{goodman2008, 
title={Does frequency count? Parental input and the acquisition of vocabulary}, 
volume={35}, 
number={3}, journal={Journal of Child Language}, 
publisher={Cambridge University Press}, 
author={Goodman, Judith C. and Dale, Philip S. and Li, Ping}, 
year={2008}, 
pages={515--531}}

@inproceedings{braginsky2016,
	Author = {Braginsky, Mika and Yurovsky, Daniel and Marchman, Virginia A and Frank, Michael C.},
	Booktitle = {{Proceedings of the 38th Annual Conference of the Cognitive Science Society}},
	Title = {From uh-oh to tomorrow: Predicting age of acquisition for early words across languages},
	Year = {2016}}
	
@article{stokes2010,
author = {Stokes, Stephanie F.},
title = {Neighborhood Density and Word Frequency Predict Vocabulary Size in Toddlers},
journal = {Journal of Speech, Language, and Hearing Research},
volume = {53},
number = {3},
pages = {670-683},
year = {2010}
}

@article{storkel2009,
 title={Developmental differences in the effects of phonological, lexical and semantic variables on word learning by infants},
  volume={36},

    number={2},
     journal={Journal of Child Language},
     publisher={Cambridge University Press}, 
     author={Storkel, Holly L.}, 
     year={2009}, 
     pages={29--321}}
     
     
  @article {steyvers2005,
author = {Steyvers, Mark and Tenenbaum, Joshua B.},
title = {The Large-Scale Structure of Semantic Networks: Statistical Analyses and a Model of Semantic Growth},
journal = {Cognitive Science},
volume = {29},
number = {1},
publisher = {Lawrence Erlbaum Associates, Inc.},
pages = {41--78},
year = {2005}
}
	

@article{smith2008,
title = "Infants rapidly learn word-referent mappings via cross-situational statistics",
journal = "Cognition",
volume = "106",
number = "3",
pages = "1558 - 1568",
year = "2008",
author = "Linda Smith and Chen Yu"
}

@article{hills2009,
author = {Thomas T. Hills and Mounir Maouene and Josita Maouene and Adam Sheya and Linda Smith},
title ={Longitudinal Analysis of Early Semantic Networks: Preferential Attachment or Preferential Acquisition?},
journal = {Psychological Science},
volume = {20},
number = {6},
pages = {729-739},
year = {2009}
}

@article{frank2017,
 title={Wordbank: an open repository for developmental vocabulary data}, 
 volume={44}, 
 number={3},
  journal={Journal of Child Language}, 
 publisher={Cambridge University Press}, 
 author={Frank, Michael C. and Braginsky, Mika and Yurovsky, Daniel and Marchman, Virginia A.}, 
 year={2017}, 
 pages={677--694}}


@electronic{nelson1998,
  author = {Nelson, D. L. and McEvoy,  C. L. and Schreiber, T. A.},
  title = {The {U}niversity of {S}outh {F}lorida word association, rhyme, and word fragment norms},
  url = {http://w3.usf.edu/FreeAssociation/},
  year = 1998
}

@article{pisoni1985,
title = "Speech perception, word recognition and the structure of the lexicon",
journal = "Speech Communication",
volume = "4",
number = "1",
pages = "75 - 95",
year = "1985",
author = "David B. Pisoni and Howard C. Nusbaum and Paul A. Luce and Louisa M. Slowiaczek"
}


@ARTICLE{griffiths07,
    author = {Thomas L. Griffiths and Mark Steyvers and Joshua B. Tenenbaum },
    title = {Topics in semantic representation},
    journal = {Psychological Review},
    year = {2007},
    volume = {114},
    number = {2},
    pages = {2007}
}

@article {saffran1996,
	author = {Saffran, Jenny R. and Aslin, Richard N. and Newport, Elissa L.},
	title = {Statistical Learning by 8-Month-Old Infants},
	volume = {274},
	number = {5294},
	pages = {1926--1928},
	year = {1996},
	publisher = {American Association for the Advancement of Science},
	journal = {Science}
}


@article{vitevitch1999,
title = "Phonotactics, Neighborhood Activation, and Lexical Access for Spoken Words",
journal = "Brain and Language",
volume = "68",
number = "1",
pages = "306 - 311",
year = "1999",
author = "Michael S. Vitevitch and Paul A. Luce and David B. Pisoni and Edward T. Auer"
}


@article{jusczyk1994,
title = "Infant's Sensitivity to Phonotactic Patterns in the Native Language",
journal = "Journal of Memory and Language",
volume = "33",
number = "5",
pages = "630 - 645",
year = "1994",
author = "Peter W. Jusczyk and Paul A. Luce and Jan Charles-Luce"
}


@article{storkel2001,
author = {Storkel, Holly L.},
title = {Learning New Words: Phonotactic Probability in Language Development},
journal = {Journal of Speech, Language, and Hearing Research},
volume = {44},
number = {6},
pages = {1321-1337},
year = {2001}
}


@article{higgins2014,
author = {Michelle MacRoy-Higgins and Valerie L Shafer and Richard G Schwartz and Klara Marton},
title ={The influence of phonotactic probability on word recognition in toddlers},
journal = {Child Language Teaching and Therapy},
volume = {30},
number = {1},
pages = {117-130},
year = {2014}
}


@article{beckage2011,
    author = {Beckage, Nicole M. and  Smith, Linda and Hills, Thomas T.},
    journal = {PLOS ONE},
    publisher = {Public Library of Science},
    title = {Small Worlds and Semantic Network Growth in Typical and Late Talkers},
    year = {2011},
    month = {05},
    volume = {6},
    pages = {1-6},
    number = {5}
}


@Article{stella2017,
author={Stella, Massimo
and Beckage, Nicole M.
and Brede, Markus},
title={Multiplex lexical networks reveal patterns in early word acquisition in children},
journal={Scientific Reports},
year={2017},
day={24},
volume={7}
}


@article{hills2010,
title = "The associative structure of language: Contextual diversity in early word learning",
journal = "Journal of Memory and Language",
volume = "63",
number = "3",
pages = "259 - 273",
year = "2010",
author = "Thomas T. Hills and Josita Maouene and Brian Riordan and Linda B. Smith"
}


@misc{dippl,
  title = {{The Design and Implementation of Probabilistic Programming Languages}},
  author = {Goodman, Noah and Stuhlm\"{u}ller, Andreas},
  year = {2014},
  howpublished = {\url{http://dippl.org}}
}


@article {engelthaler2017,
author = {Engelthaler, Tomas and Hills, Thomas T.},
title = {Feature Biases in Early Word Learning: Network Distinctiveness Predicts Age of Acquisition},
journal = {Cognitive Science},
volume = {41},
issn = {1551-6709},
pages = {120--140},
year = {2017}
}


@article {barabasi99,
	author = {Barabasi, Albert-Laszlo and Albert, Reka},
	title = {Emergence of Scaling in Random Networks},
	volume = {286},
	number = {5439},
	pages = {509--512},
	year = {1999},
	journal = {Science}
}


@article {markman90,
author = {Markman, Ellen M.},
title = {Constraints Children Place on Word Meanings},
journal = {Cognitive Science},
volume = {14},
number = {1},
publisher = {Lawrence Erlbaum Associates, Inc.},
pages = {57--77},
year = {1990},
}


@article {roy2015,
	author = {Roy, Brandon C. and Frank, Michael C. and DeCamp, Philip and Miller, Matthew and Roy, Deb},
	title = {Predicting the birth of a spoken word},
	volume = {112},
	number = {41},
	pages = {12663--12668},
	year = {2015},
	doi = {10.1073/pnas.1419773112},
	publisher = {National Academy of Sciences},
	journal = {Proceedings of the National Academy of Sciences}
}


@article{fenson94,
 author = {Larry Fenson and Philip S. Dale and J. Steven Reznick and Elizabeth Bates and Donna J. Thal and Stephen J. Pethick and Michael Tomasello and Carolyn B. Mervis and Joan Stiles},
 journal = {Monographs of the Society for Research in Child Development},
 number = {5},
 pages = {i-185},
 publisher = {[Society for Research in Child Development, Wiley]},
 title = {Variability in Early Communicative Development},
 volume = {59},
 year = {1994}
}

